[gd_scene load_steps=13 format=2]

[ext_resource path="res://Scripts/Are You Sure Prompt.gd" type="Script" id=1]
[ext_resource path="res://Assets/DynamicFont/RobotoMono-Regular.tres" type="DynamicFont" id=2]
[ext_resource path="res://Scripts/Yes.gd" type="Script" id=3]
[ext_resource path="res://Scripts/No.gd" type="Script" id=4]
[ext_resource path="res://Assets/DynamicFont/RobotoMono-Regular-72.tres" type="DynamicFont" id=5]
[ext_resource path="res://Assets/Sprites/SetWaypoint.png" type="Texture" id=6]
[ext_resource path="res://Scripts/PlanetNode.gd" type="Script" id=7]
[ext_resource path="res://Assets/Sprites/Line.png" type="Texture" id=8]
[ext_resource path="res://Assets/Sprites/PlanetNode.png" type="Texture" id=9]

[sub_resource type="RectangleShape2D" id=2]
extents = Vector2( 17.1867, 8.77228 )

[sub_resource type="RectangleShape2D" id=3]
extents = Vector2( 11.8396, 8.26538 )

[sub_resource type="CircleShape2D" id=1]
radius = 20.2064

[node name="Control" type="Node2D"]

[node name="ColorRect" type="ColorRect" parent="."]
margin_left = 510.0
margin_top = 290.0
margin_right = 1410.0
margin_bottom = 790.0
mouse_filter = 2
color = Color( 0.941176, 0.615686, 0.317647, 1 )

[node name="Are You Sure Prompt" type="Control" parent="ColorRect"]
visible = false
margin_top = -2.05054
margin_right = 900.0
margin_bottom = 497.949
mouse_filter = 2
script = ExtResource( 1 )

[node name="Are You Sure" type="RichTextLabel" parent="ColorRect/Are You Sure Prompt"]
margin_left = 49.2278
margin_top = 48.0
margin_right = 852.228
margin_bottom = 391.0
mouse_filter = 2
custom_fonts/normal_font = ExtResource( 2 )
text = "Travel to planet Namek? You cannot change your destination once you are on your way."

[node name="Area2D" type="Area2D" parent="ColorRect/Are You Sure Prompt"]
position = Vector2( -510, -287.949 )
script = ExtResource( 3 )

[node name="Yes" type="RichTextLabel" parent="ColorRect/Are You Sure Prompt/Area2D"]
margin_left = 692.093
margin_top = 721.891
margin_right = 732.093
margin_bottom = 761.891
rect_pivot_offset = Vector2( 40, 20 )
mouse_filter = 2
custom_fonts/normal_font = ExtResource( 2 )
text = "Yes"

[node name="CollisionShape2D" type="CollisionShape2D" parent="ColorRect/Are You Sure Prompt/Area2D"]
position = Vector2( 710.062, 736.338 )
shape = SubResource( 2 )

[node name="Area2D2" type="Area2D" parent="ColorRect/Are You Sure Prompt"]
position = Vector2( 662.029, 433.627 )
script = ExtResource( 4 )

[node name="No" type="RichTextLabel" parent="ColorRect/Are You Sure Prompt/Area2D2"]
margin_right = 40.0
margin_bottom = 40.0
rect_pivot_offset = Vector2( 40, 20 )
mouse_filter = 2
custom_fonts/normal_font = ExtResource( 2 )
text = "No"

[node name="CollisionShape2D" type="CollisionShape2D" parent="ColorRect/Are You Sure Prompt/Area2D2"]
position = Vector2( 12.7108, 14.2997 )
shape = SubResource( 3 )

[node name="Open Map" type="Control" parent="ColorRect"]
margin_left = -0.397217
margin_top = -2.05054
margin_right = 899.603
margin_bottom = 497.949
mouse_filter = 2

[node name="RichTextLabel" type="RichTextLabel" parent="ColorRect/Open Map"]
margin_left = 57.2088
margin_top = 36.0599
margin_right = 190.209
margin_bottom = 136.06
mouse_filter = 2
custom_fonts/normal_font = ExtResource( 5 )
text = "MAP"

[node name="RichTextLabel2" type="RichTextLabel" parent="ColorRect/Open Map"]
margin_left = 58.1703
margin_top = 185.39
margin_right = 504.17
margin_bottom = 218.39
mouse_filter = 2
custom_fonts/normal_font = ExtResource( 2 )
text = "SELECT A PLANET YOU WISH TO TRAVEL TO"

[node name="ColorRect" type="ColorRect" parent="ColorRect/Open Map"]
margin_left = 57.0
margin_top = 216.0
margin_right = 827.0
margin_bottom = 411.0
mouse_filter = 2
color = Color( 0, 0, 0, 1 )

[node name="Nibiru" type="Node2D" parent="ColorRect/Open Map/ColorRect"]
position = Vector2( 168.305, 75.4525 )

[node name="SetWaypoint" type="Sprite" parent="ColorRect/Open Map/ColorRect/Nibiru"]
visible = false
position = Vector2( -22.7535, -46.0898 )
texture = ExtResource( 6 )
offset = Vector2( 3.68823, 3.1748 )

[node name="Area2D" type="Area2D" parent="ColorRect/Open Map/ColorRect/Nibiru"]
script = ExtResource( 7 )
destination = "Nibiru"

[node name="LineToDest" type="Sprite" parent="ColorRect/Open Map/ColorRect/Nibiru/Area2D"]
position = Vector2( -54.7439, 9.35425 )
rotation = -0.436332
scale = Vector2( 1.89355, 1 )
texture = ExtResource( 8 )
offset = Vector2( -11.5675, -1.49994 )

[node name="DestinationPlanet" type="Sprite" parent="ColorRect/Open Map/ColorRect/Nibiru/Area2D"]
texture = ExtResource( 9 )
offset = Vector2( -19.5, -3.48962 )

[node name="CollisionShape2D" type="CollisionShape2D" parent="ColorRect/Open Map/ColorRect/Nibiru/Area2D"]
position = Vector2( -19.7525, -3.74622 )
shape = SubResource( 1 )

[node name="Tempest" type="Node2D" parent="ColorRect/Open Map/ColorRect"]
position = Vector2( 72.3053, 111.453 )

[node name="SetWaypoint" type="Sprite" parent="ColorRect/Open Map/ColorRect/Tempest"]
position = Vector2( -22.7535, -46.0898 )
texture = ExtResource( 6 )
offset = Vector2( 3.68823, 3.1748 )

[node name="Area2D" type="Area2D" parent="ColorRect/Open Map/ColorRect/Tempest"]
script = ExtResource( 7 )
destination = "Tempest"

[node name="DestinationPlanet" type="Sprite" parent="ColorRect/Open Map/ColorRect/Tempest/Area2D"]
texture = ExtResource( 9 )
offset = Vector2( -19.5, -3.48962 )

[node name="CollisionShape2D" type="CollisionShape2D" parent="ColorRect/Open Map/ColorRect/Tempest/Area2D"]
position = Vector2( -19.7525, -3.74622 )
shape = SubResource( 1 )

[node name="Polygon2D" type="Polygon2D" parent="."]
[connection signal="mouse_entered" from="ColorRect/Are You Sure Prompt/Area2D" to="ColorRect/Are You Sure Prompt/Area2D" method="_on_Area2D_mouse_entered"]
[connection signal="mouse_exited" from="ColorRect/Are You Sure Prompt/Area2D" to="ColorRect/Are You Sure Prompt/Area2D" method="_on_Area2D_mouse_exited"]
[connection signal="mouse_entered" from="ColorRect/Are You Sure Prompt/Area2D2" to="ColorRect/Are You Sure Prompt/Area2D2" method="_on_Area2D_mouse_entered"]
[connection signal="mouse_exited" from="ColorRect/Are You Sure Prompt/Area2D2" to="ColorRect/Are You Sure Prompt/Area2D2" method="_on_Area2D_mouse_exited"]
[connection signal="mouse_entered" from="ColorRect/Open Map/ColorRect/Nibiru/Area2D" to="ColorRect/Open Map/ColorRect/Nibiru/Area2D" method="_on_Area2D_mouse_entered"]
[connection signal="mouse_exited" from="ColorRect/Open Map/ColorRect/Nibiru/Area2D" to="ColorRect/Open Map/ColorRect/Nibiru/Area2D" method="_on_Area2D_mouse_exited"]
[connection signal="mouse_entered" from="ColorRect/Open Map/ColorRect/Tempest/Area2D" to="ColorRect/Open Map/ColorRect/Tempest/Area2D" method="_on_Area2D_mouse_entered"]
[connection signal="mouse_exited" from="ColorRect/Open Map/ColorRect/Tempest/Area2D" to="ColorRect/Open Map/ColorRect/Tempest/Area2D" method="_on_Area2D_mouse_exited"]
